@inproceedings{lee2018dropmax,
  title={DropMax: Adaptive variational softmax},
  author={Lee, Hae Beom and Lee, Juho and Kim, Saehoon and Yang, Eunho and Hwang, Sung Ju},
  booktitle={Advances in Neural Information Processing Systems},
  pages={925--935},
  year={2018}
}

@article{deliege2018hitnet,
  title={HitNet: a neural network with capsules embedded in a Hit-or-Miss layer, extended with hybrid data augmentation and ghost capsules},
  author={Deli{\`e}ge, Adrien and Cioppa, Anthony and Van Droogenbroeck, Marc},
  journal={arXiv preprint arXiv:1806.06519},
  year={2018}
}

@inproceedings{schroff2015facenet,
  title={Facenet: A unified embedding for face recognition and clustering},
  author={Schroff, Florian and Kalenichenko, Dmitry and Philbin, James},
  booktitle={Proceedings of the IEEE conference on computer vision and pattern recognition},
  pages={815--823},
  year={2015}
}

@article{griffin2007caltech,
  title={Caltech-256 object category dataset},
  author={Griffin, Gregory and Holub, Alex and Perona, Pietro},
  year={2007},
  publisher={California Institute of Technology}
}

@incollection{NIPS2012_4824,
title = {ImageNet Classification with Deep Convolutional Neural Networks},
author = {Alex Krizhevsky and Sutskever, Ilya and Hinton, Geoffrey E},
booktitle = {Advances in Neural Information Processing Systems 25},
editor = {F. Pereira and C. J. C. Burges and L. Bottou and K. Q. Weinberger},
pages = {1097--1105},
year = {2012},
publisher = {Curran Associates, Inc.},
url = {http://papers.nips.cc/paper/4824-imagenet-classification-with-deep-convolutional-neural-networks.pdf}
}
